<?xml version="1.0" encoding="UTF-8"?><collection xmlns="http://www.loc.gov/MARC21/slim"><record><leader>00438nam--2200169-i-4500</leader><controlfield tag="001">000041454</controlfield><controlfield tag="002">20161230</controlfield><controlfield tag="005">20170128175316</controlfield><controlfield tag="008">060222s1000------------r-----000-0-eng-d</controlfield><datafield ind1=" " ind2=" " tag="100"><subfield code="a">Sherma, Joseph</subfield></datafield><datafield ind1=" " ind2=" " tag="245"><subfield code="a">Paper chromatography</subfield></datafield><datafield ind1=" " ind2=" " tag="260"><subfield code="a">New York</subfield><subfield code="b">Academic Press</subfield><subfield code="c">1971</subfield></datafield><datafield ind1=" " ind2=" " tag="300"><subfield code="a">XI + 614 p</subfield></datafield><datafield ind1=" " ind2=" " tag="490"><subfield code="a">Paper Chromatography And Electrophoresis</subfield></datafield><datafield ind1=" " ind2=" " tag="700"><subfield code="a">Zweig, Gunter</subfield></datafield><datafield ind1=" " ind2=" " tag="852"><subfield code="a">41657</subfield></datafield><datafield ind1=" " ind2=" " tag="CAT"><subfield code="a">SYS</subfield><subfield code="c">20170128</subfield><subfield code="h">175316</subfield></datafield></record></collection>